@inproceedings{Impagliazzo1989,
 author = {Impagliazzo, R. and Levin, L. A. and Luby, M.},
 title = {Pseudo-random Generation from One-way Functions},
 booktitle = {Proceedings of the Twenty-first Annual ACM Symposium on Theory of Computing},
 series = {STOC '89},
 year = {1989},
 isbn = {0-89791-307-8},
 location = {Seattle, Washington, USA},
 pages = {12--24},
 numpages = {13},
 url = {http://doi.acm.org/10.1145/73007.73009},
 doi = {10.1145/73007.73009},
 acmid = {73009},
 publisher = {ACM},
 address = {New York, NY, USA}
} 

@article{DBLP:journals/siamcomp/HastadILL99,
  author    = {Johan H{\aa}stad and
               Russell Impagliazzo and
               Leonid A. Levin and
               Michael Luby},
  title     = {A Pseudorandom Generator from any One-way Function},
  journal   = {{SIAM} J. Comput.},
  volume    = {28},
  number    = {4},
  pages     = {1364--1396},
  year      = {1999},
  url       = {http://dx.doi.org/10.1137/S0097539793244708},
  doi       = {10.1137/S0097539793244708},
  timestamp = {Mon, 12 Sep 2011 16:10:10 +0200},
  biburl    = {http://dblp.uni-trier.de/rec/bib/journals/siamcomp/HastadILL99},
  bibsource = {dblp computer science bibliography, http://dblp.org}
}

@inproceedings{DBLP:conf/icits/Reyzin11,
  author    = {Leonid Reyzin},
  title     = {Some Notions of Entropy for Cryptography - (Invited Talk)},
  booktitle = {Information Theoretic Security - 5th International Conference, {ICITS}
               2011, Amsterdam, The Netherlands, May 21-24, 2011. Proceedings},
  pages     = {138--142},
  year      = {2011},
  url       = {http://dx.doi.org/10.1007/978-3-642-20728-0_13},
  doi       = {10.1007/978-3-642-20728-0_13},
  timestamp = {Thu, 12 May 2011 15:56:14 +0200},
  biburl    = {http://dblp.uni-trier.de/rec/bib/conf/icits/Reyzin11},
  bibsource = {dblp computer science bibliography, http://dblp.org}
}

@inproceedings{DBLP:conf/focs/ReingoldTTV08,
  author    = {Omer Reingold and
               Luca Trevisan and
               Madhur Tulsiani and
               Salil P. Vadhan},
  title     = {Dense Subsets of Pseudorandom Sets},
  booktitle = {49th Annual {IEEE} Symposium on Foundations of Computer Science, {FOCS}
               2008, October 25-28, 2008, Philadelphia, PA, {USA}},
  pages     = {76--85},
  year      = {2008},
  url       = {http://dx.doi.org/10.1109/FOCS.2008.38},
  doi       = {10.1109/FOCS.2008.38},
  timestamp = {Tue, 16 Dec 2014 09:57:24 +0100},
  biburl    = {http://dblp.uni-trier.de/rec/bib/conf/focs/ReingoldTTV08},
  bibsource = {dblp computer science bibliography, http://dblp.org}
}

@article{DBLP:journals/eccc/Zhang11,
  author    = {Jiapeng Zhang},
  title     = {On the query complexity for Showing Dense Model},
  journal   = {Electronic Colloquium on Computational Complexity {(ECCC)}},
  volume    = {18},
  pages     = {38},
  year      = {2011},
  url       = {http://eccc.hpi-web.de/report/2011/038},
  timestamp = {Wed, 07 Dec 2011 17:05:30 +0100},
  biburl    = {http://dblp.uni-trier.de/rec/bib/journals/eccc/Zhang11},
  bibsource = {dblp computer science bibliography, http://dblp.org}
}

@inproceedings{DBLP:conf/focs/DziembowskiP08,
  author    = {Stefan Dziembowski and
               Krzysztof Pietrzak},
  title     = {Leakage-Resilient Cryptography},
  booktitle = {49th Annual {IEEE} Symposium on Foundations of Computer Science, {FOCS}
               2008, October 25-28, 2008, Philadelphia, PA, {USA}},
  pages     = {293--302},
  year      = {2008},
  url       = {http://dx.doi.org/10.1109/FOCS.2008.56},
  doi       = {10.1109/FOCS.2008.56},
  timestamp = {Tue, 16 Dec 2014 09:57:22 +0100},
  biburl    = {http://dblp.uni-trier.de/rec/bib/conf/focs/DziembowskiP08},
  bibsource = {dblp computer science bibliography, http://dblp.org}
}

@article{skorski2016subgradient,
  title={A subgradient algorithm for computational distances and applications to cryptography},
  author={Skorski, Maciej},
  journal={Cryptology ePrint Archive},
  year={2016}
}

@phdthesis{chen2019computational,
  title={Computational Notions of Entropy: Classical, Quantum, and Applications},
  author={Chen, Yi-Hsiu},
  year={2019},
  school={Harvard University}
}

@article{skorskiapproximating,
  title={Approximating Min-Max Strategies by Statistical Learning},
  author={Skorski, Maciej},
  year={2017}
}

@inproceedings{skorski2016simulating,
  title={Simulating auxiliary inputs, revisited},
  author={Skorski, Maciej},
  booktitle={Theory of Cryptography: 14th International Conference, TCC 2016-B, Beijing, China, October 31-November 3, 2016, Proceedings, Part I 14},
  pages={159--179},
  year={2016},
  organization={Springer}
}

@incollection{Chen_2018,
	address = {Cham},
	title = {On the {Complexity} of {Simulating} {Auxiliary} {Input}},
	volume = {10822},
	isbn = {978-3-319-78371-0 978-3-319-78372-7},
	url = {https://link.springer.com/10.1007/978-3-319-78372-7_12},
	language = {en},
	urldate = {2023-05-22},
	booktitle = {Advances in {Cryptology} â€“ {EUROCRYPT} 2018},
	publisher = {Springer International Publishing},
	author = {Chen, Yi-Hsiu and Chung, Kai-Min and Liao, Jyun-Jie},
	editor = {Nielsen, Jesper Buus and Rijmen, Vincent},
	year = {2018},
	doi = {10.1007/978-3-319-78372-7_12},
	pages = {371--390},
}

@inproceedings{DBLP:conf/eurocrypt/Pietrzak09,
  author    = {Krzysztof Pietrzak},
  title     = {A Leakage-Resilient Mode of Operation},
  booktitle = {Advances in Cryptology - {EUROCRYPT} 2009, 28th Annual International
               Conference on the Theory and Applications of Cryptographic Techniques,
               Cologne, Germany, April 26-30, 2009. Proceedings},
  pages     = {462--482},
  year      = {2009},
  url       = {http://dx.doi.org/10.1007/978-3-642-01001-9_27},
  doi       = {10.1007/978-3-642-01001-9_27},
  timestamp = {Thu, 23 Apr 2009 15:09:22 +0200},
  biburl    = {http://dblp.uni-trier.de/rec/bib/conf/eurocrypt/Pietrzak09},
  bibsource = {dblp computer science bibliography, http://dblp.org}
}

@inproceedings{DBLP:conf/tcc/FullerOR12,
  author    = {Benjamin Fuller and
               Adam O'Neill and
               Leonid Reyzin},
  title     = {A Unified Approach to Deterministic Encryption: New Constructions
               and a Connection to Computational Entropy},
  booktitle = {Theory of Cryptography - 9th Theory of Cryptography Conference, {TCC}
               2012, Taormina, Sicily, Italy, March 19-21, 2012. Proceedings},
  pages     = {582--599},
  year      = {2012},
  url       = {http://dx.doi.org/10.1007/978-3-642-28914-9_33},
  doi       = {10.1007/978-3-642-28914-9_33},
  timestamp = {Mon, 05 Mar 2012 21:00:17 +0100},
  biburl    = {http://dblp.uni-trier.de/rec/bib/conf/tcc/FullerOR12},
  bibsource = {dblp computer science bibliography, http://dblp.org}
}

@inproceedings{DBLP:conf/stoc/GentryW11,
  author    = {Craig Gentry and
               Daniel Wichs},
  title     = {Separating succinct non-interactive arguments from all falsifiable
               assumptions},
  booktitle = {Proceedings of the 43rd {ACM} Symposium on Theory of Computing, {STOC}
               2011, San Jose, CA, USA, 6-8 June 2011},
  pages     = {99--108},
  year      = {2011},
  url       = {http://doi.acm.org/10.1145/1993636.1993651},
  doi       = {10.1145/1993636.1993651},
  timestamp = {Tue, 22 May 2012 21:36:56 +0200},
  biburl    = {http://dblp.uni-trier.de/rec/bib/conf/stoc/GentryW11},
  bibsource = {dblp computer science bibliography, http://dblp.org}
}

@misc{Skorski17a,
 author = {Maciej Skorski},
 title = {Lower Bounds on Key Derivation for Square-Friendly Applications},
 year = {2017},
 note = {To appear in the proceedings of STACS'17}
}

@inproceedings{DBLP:conf/icalp/SkorskiGP15,
  author    = {Maciej Skorski and
               Alexander Golovnev and
               Krzysztof Pietrzak},
  title     = {Condensed Unpredictability},
  booktitle = {Automata, Languages, and Programming - 42nd International Colloquium,
               {ICALP} 2015, Kyoto, Japan, July 6-10, 2015, Proceedings, Part {I}},
  pages     = {1046--1057},
  year      = {2015},
  url       = {http://dx.doi.org/10.1007/978-3-662-47672-7_85},
  doi       = {10.1007/978-3-662-47672-7_85},
  timestamp = {Mon, 22 Jun 2015 12:00:28 +0200},
  biburl    = {http://dblp.uni-trier.de/rec/bib/conf/icalp/SkorskiGP15},
  bibsource = {dblp computer science bibliography, http://dblp.org}
}


@inproceedings{DBLP:conf/icits/Skorski15a,
  author    = {Maciej Skorski},
  title     = {Nonuniform Indistinguishability and Unpredictability Hardcore Lemmas:
               New Proofs and Applications to Pseudoentropy},
  booktitle = {Information Theoretic Security - 8th International Conference, {ICITS}
               2015, Lugano, Switzerland, May 2-5, 2015. Proceedings},
  pages     = {123--140},
  year      = {2015},
  url       = {http://dx.doi.org/10.1007/978-3-319-17470-9_8},
  doi       = {10.1007/978-3-319-17470-9_8},
  timestamp = {Tue, 07 Apr 2015 15:43:34 +0200},
  biburl    = {http://dblp.uni-trier.de/rec/bib/conf/icits/Skorski15a},
  bibsource = {dblp computer science bibliography, http://dblp.org}
}


@inproceedings{DBLP:conf/icits/Skorski15,
  author    = {Maciej Skorski},
  title     = {Metric Pseudoentropy: Characterizations, Transformations and Applications},
  booktitle = {Information Theoretic Security - 8th International Conference, {ICITS}
               2015, Lugano, Switzerland, May 2-5, 2015. Proceedings},
  pages     = {105--122},
  year      = {2015},
  url       = {http://dx.doi.org/10.1007/978-3-319-17470-9_7},
  doi       = {10.1007/978-3-319-17470-9_7},
  timestamp = {Tue, 07 Apr 2015 15:43:34 +0200},
  biburl    = {http://dblp.uni-trier.de/rec/bib/conf/icits/Skorski15},
  bibsource = {dblp computer science bibliography, http://dblp.org}
}

@inproceedings{DBLP:conf/stoc/VadhanZ12,
  author    = {Salil P. Vadhan and
               Colin Jia Zheng},
  title     = {Characterizing pseudoentropy and simplifying pseudorandom generator
               constructions},
  booktitle = {Proceedings of the 44th Symposium on Theory of Computing Conference,
               {STOC} 2012, New York, NY, USA, May 19 - 22, 2012},
  pages     = {817--836},
  year      = {2012},
  url       = {http://doi.acm.org/10.1145/2213977.2214051},
  doi       = {10.1145/2213977.2214051},
  timestamp = {Tue, 22 May 2012 21:50:15 +0200},
  biburl    = {http://dblp.uni-trier.de/rec/bib/conf/stoc/VadhanZ12},
  bibsource = {dblp computer science bibliography, http://dblp.org}
}


@inproceedings{DBLP:conf/provsec/Skorski15,
  author    = {Maciej Skorski},
  title     = {On Provable Security of wPRF-Based Leakage-Resilient Stream Ciphers},
  booktitle = {Provable Security - 9th International Conference, ProvSec 2015, Kanazawa,
               Japan, November 24-26, 2015, Proceedings},
  pages     = {391--411},
  year      = {2015},
  url       = {http://dx.doi.org/10.1007/978-3-319-26059-4_22},
  doi       = {10.1007/978-3-319-26059-4_22},
  timestamp = {Mon, 30 Nov 2015 20:06:54 +0100},
  biburl    = {http://dblp.uni-trier.de/rec/bib/conf/provsec/Skorski15},
  bibsource = {dblp computer science bibliography, http://dblp.org}
}


@inproceedings{DBLP:conf/tcc/JetchevP14,
  author    = {Dimitar Jetchev and
               Krzysztof Pietrzak},
  title     = {How to Fake Auxiliary Input},
  booktitle = {Theory of Cryptography - 11th Theory of Cryptography Conference, {TCC}
               2014, San Diego, CA, USA, February 24-26, 2014. Proceedings},
  pages     = {566--590},
  year      = {2014},
  url       = {http://dx.doi.org/10.1007/978-3-642-54242-8_24},
  doi       = {10.1007/978-3-642-54242-8_24},
  timestamp = {Mon, 03 Feb 2014 13:53:08 +0100},
  biburl    = {http://dblp.uni-trier.de/rec/bib/conf/tcc/JetchevP14},
  bibsource = {dblp computer science bibliography, http://dblp.org}
}

@inproceedings{DBLP:conf/random/BarakSW03,
  author    = {Boaz Barak and
               Ronen Shaltiel and
               Avi Wigderson},
  title     = {Computational Analogues of Entropy},
  booktitle = {Approximation, Randomization, and Combinatorial Optimization: Algorithms
               and Techniques, 6th International Workshop on Approximation Algorithms
               for Combinatorial Optimization Problems, {APPROX} 2003 and 7th International
               Workshop on Randomization and Approximation Techniques in Computer
               Science, {RANDOM} 2003, Princeton, NJ, USA, August 24-26, 2003, Proceedings},
  pages     = {200--215},
  year      = {2003},
  url       = {http://dx.doi.org/10.1007/978-3-540-45198-3_18},
  doi       = {10.1007/978-3-540-45198-3_18},
  timestamp = {Tue, 05 Jul 2011 11:08:46 +0200},
  biburl    = {http://dblp.uni-trier.de/rec/bib/conf/random/BarakSW03},
  bibsource = {dblp computer science bibliography, http://dblp.org}
}

@inproceedings{DBLP:conf/crypto/DeTT10,
  author    = {Anindya De and
               Luca Trevisan and
               Madhur Tulsiani},
  title     = {Time Space Tradeoffs for Attacks against One-Way Functions and PRGs},
  booktitle = {Advances in Cryptology - {CRYPTO} 2010, 30th Annual Cryptology Conference,
               Santa Barbara, CA, USA, August 15-19, 2010. Proceedings},
  pages     = {649--665},
  year      = {2010},
  url       = {http://dx.doi.org/10.1007/978-3-642-14623-7_35},
  doi       = {10.1007/978-3-642-14623-7_35},
  timestamp = {Tue, 17 Aug 2010 15:09:53 +0200},
  biburl    = {http://dblp.uni-trier.de/rec/bib/conf/crypto/DeTT10},
  bibsource = {dblp computer science bibliography, http://dblp.org}
}

@misc{Sko2017b,
author = {Maciej Skorski},
year = {2017},
title = {On the Complexity of Breaking Pseudoentropy},
url = {https://eprint.iacr.org/2016/1186.pdf},
note = {To appear in the proceedings of Theory and Applications of Models of Computation 2017}
}

@misc{Sko2017b,
author = {Maciej Skorski},
year = {2017},
title = {A Cryptographic Proof of Regularity Lemmas},
url = {http://eprint.iacr.org/2016/965},
note = {To appear in the proceedings of Theory and Applications of Models of Computation 2017}
}


@inproceedings{DBLP:conf/crypto/BarakDKPPSY11,
  author    = {Boaz Barak and
               Yevgeniy Dodis and
               Hugo Krawczyk and
               Olivier Pereira and
               Krzysztof Pietrzak and
               Fran{\c{c}}ois{-}Xavier Standaert and
               Yu Yu},
  title     = {Leftover Hash Lemma, Revisited},
  booktitle = {Advances in Cryptology - {CRYPTO} 2011 - 31st Annual Cryptology Conference,
               Santa Barbara, CA, USA, August 14-18, 2011. Proceedings},
  pages     = {1--20},
  year      = {2011},
  url       = {http://dx.doi.org/10.1007/978-3-642-22792-9_1},
  doi       = {10.1007/978-3-642-22792-9_1},
  timestamp = {Mon, 15 Aug 2011 21:29:40 +0200},
  biburl    = {http://dblp.uni-trier.de/rec/bib/conf/crypto/BarakDKPPSY11},
  bibsource = {dblp computer science bibliography, http://dblp.org}
}

@inproceedings{DBLP:conf/eurocrypt/DodisPW14,
  author    = {Yevgeniy Dodis and
               Krzysztof Pietrzak and
               Daniel Wichs},
  title     = {Key Derivation without Entropy Waste},
  booktitle = {Advances in Cryptology - {EUROCRYPT} 2014 - 33rd Annual International
               Conference on the Theory and Applications of Cryptographic Techniques,
               Copenhagen, Denmark, May 11-15, 2014. Proceedings},
  pages     = {93--110},
  year      = {2014},
  url       = {http://dx.doi.org/10.1007/978-3-642-55220-5_6},
  doi       = {10.1007/978-3-642-55220-5_6},
  timestamp = {Fri, 02 May 2014 13:38:39 +0200},
  biburl    = {http://dblp.uni-trier.de/rec/bib/conf/eurocrypt/DodisPW14},
  bibsource = {dblp computer science bibliography, http://dblp.org}
}

@inproceedings{DBLP:conf/tcc/DodisY13,
  author    = {Yevgeniy Dodis and
               Yu Yu},
  title     = {Overcoming Weak Expectations},
  booktitle = {{TCC}},
  pages     = {1--22},
  year      = {2013},
  url       = {http://dx.doi.org/10.1007/978-3-642-36594-2_1},
  doi       = {10.1007/978-3-642-36594-2_1},
  timestamp = {Thu, 07 Feb 2013 11:23:04 +0100},
  biburl    = {http://dblp.uni-trier.de/rec/bib/conf/tcc/DodisY13},
  bibsource = {dblp computer science bibliography, http://dblp.org}
}


@inproceedings{DBLP:conf/eurocrypt/HsiaoLR07,
  author    = {Chun{-}Yuan Hsiao and
               Chi{-}Jen Lu and
               Leonid Reyzin},
  title     = {Conditional Computational Entropy, or Toward Separating Pseudoentropy
               from Compressibility},
  booktitle = {Advances in Cryptology - {EUROCRYPT} 2007, 26th Annual International
               Conference on the Theory and Applications of Cryptographic Techniques,
               Barcelona, Spain, May 20-24, 2007, Proceedings},
  pages     = {169--186},
  year      = {2007},
  url       = {http://dx.doi.org/10.1007/978-3-540-72540-4_10},
  doi       = {10.1007/978-3-540-72540-4_10},
  timestamp = {Mon, 25 Jun 2007 15:50:13 +0200},
  biburl    = {http://dblp.uni-trier.de/rec/bib/conf/eurocrypt/HsiaoLR07},
  bibsource = {dblp computer science bibliography, http://dblp.org}
}

@inproceedings{DBLP:conf/crypto/VadhanZ13,
  author    = {Salil P. Vadhan and
               Colin Jia Zheng},
  title     = {A Uniform Min-Max Theorem with Applications in Cryptography},
  booktitle = {Advances in Cryptology - {CRYPTO} 2013 - 33rd Annual Cryptology Conference,
               Santa Barbara, CA, USA, August 18-22, 2013. Proceedings, Part {I}},
  pages     = {93--110},
  year      = {2013},
  url       = {http://dx.doi.org/10.1007/978-3-642-40041-4_6},
  doi       = {10.1007/978-3-642-40041-4_6},
  timestamp = {Wed, 21 Aug 2013 17:20:48 +0200},
  biburl    = {http://dblp.uni-trier.de/rec/bib/conf/crypto/VadhanZ13},
  bibsource = {dblp computer science bibliography, http://dblp.org}
}

@article{Shannon:2001:MTC:584091.584093,
 author = {Shannon, C. E.},
 title = {A Mathematical Theory of Communication},
 journal = {SIGMOBILE Mob. Comput. Commun. Rev.},
 issue_date = {January 2001},
 volume = {5},
 number = {1},
 month = jan,
 year = {2001},
 issn = {1559-1662},
 pages = {3--55},
 numpages = {53},
 url = {http://doi.acm.org/10.1145/584091.584093},
 doi = {10.1145/584091.584093},
 acmid = {584093},
 publisher = {ACM},
 address = {New York, NY, USA}
} 

@misc{fullercomputational,
  year = {2011},
  title={Computational entropy and information leakage. 2011},
  author={Fuller, Benjamin and Reyzin, Leonid},
  howpublished={Available fro m http://www. cs. bu. edu/fac/reyzin}
}

@inproceedings{renyi1961,
address = {Berkeley, Calif.},
author = {RÃ©nyi, AlfrÃ©d},
booktitle = {Proceedings of the Fourth Berkeley Symposium on Mathematical Statistics and Probability, Volume 1: Contributions to the Theory of Statistics},
pages = {547--561},
publisher = {University of California Press},
title = {On Measures of Entropy and Information},
url = {http://projecteuclid.org/euclid.bsmsp/1200512181},
year = {1961}
}

@inproceedings{DBLP:conf/crypto/ChungKLR11,
  author    = {Kai{-}Min Chung and
               Yael Tauman Kalai and
               Feng{-}Hao Liu and
               Ran Raz},
  title     = {Memory Delegation},
  booktitle = {Advances in Cryptology - {CRYPTO} 2011 - 31st Annual Cryptology Conference,
               Santa Barbara, CA, USA, August 14-18, 2011. Proceedings},
  pages     = {151--168},
  year      = {2011},
  url       = {http://dx.doi.org/10.1007/978-3-642-22792-9_9},
  doi       = {10.1007/978-3-642-22792-9_9},
  timestamp = {Mon, 15 Aug 2011 21:29:40 +0200},
  biburl    = {http://dblp.uni-trier.de/rec/bib/conf/crypto/ChungKLR11},
  bibsource = {dblp computer science bibliography, http://dblp.org}
}


@inproceedings{DBLP:conf/tcc/KrennPW13,
  author    = {Stephan Krenn and
               Krzysztof Pietrzak and
               Akshay Wadia},
  title     = {A Counterexample to the Chain Rule for Conditional {HILL} Entropy
               - And What Deniable Encryption Has to Do with It},
  booktitle = {{TCC}},
  pages     = {23--39},
  year      = {2013},
  url       = {http://dx.doi.org/10.1007/978-3-642-36594-2_2},
  doi       = {10.1007/978-3-642-36594-2_2},
  timestamp = {Thu, 07 Feb 2013 11:23:04 +0100},
  biburl    = {http://dblp.uni-trier.de/rec/bib/conf/tcc/KrennPW13},
  bibsource = {dblp computer science bibliography, http://dblp.org}
}